@inproceedings{EUROSys:DKSS22,
  author    = {George Danezis and
               Lefteris Kokoris{-}Kogias and
               Alberto Sonnino and
               Alexander Spiegelman},
  editor    = {Y{\'{e}}rom{-}David Bromberg and
               Anne{-}Marie Kermarrec and
               Christos Kozyrakis},
  title     = {Narwhal and Tusk: a DAG-based mempool and efficient {BFT} consensus},
  booktitle = {EuroSys '22: Seventeenth European Conference on Computer Systems, Rennes, France, April 5 - 8, 2022},
  pages     = {34--50},
  publisher = {{ACM}},
  year      = {2022},
  doi       = {10.1145/3492321.3519594}
}

@book{DubPan09,
  place     = {Cambridge},
  title     = {Concentration of Measure for the Analysis of Randomized Algorithms},
  doi       = {10.1017/CBO9780511581274},
  publisher = {Cambridge University Press},
  author    = {Dubhashi, Devdatt P. and Panconesi, Alessandro},
  year      = {2009}
}

@misc{Nak08,
  author = {Satoshi Nakamoto},
  title  = {Bitcoin: A Peer-to-Peer Electronic Cash System},
  year   = {2008},
  month  = {Dec},
  url    = {https://bitcoin.org/bitcoin.pdf}
}

@inproceedings{OSDI:CasLis99,
  author    = {Miguel Castro and
               Barbara Liskov},
  editor    = {Margo I. Seltzer and
               Paul J. Leach},
  title     = {Practical Byzantine Fault Tolerance},
  booktitle = {Proceedings of the Third {USENIX} Symposium on Operating Systems Design and Implementation (OSDI), New Orleans, Louisiana, USA, February 22-25, 1999},
  pages     = {173--186},
  publisher = {{USENIX} Association},
  year      = {1999}
}

@inproceedings{McDiarmid98,
  author    = {McDiarmid, Colin},
  editor    = {Habib, Michel
               and McDiarmid, Colin
               and Ramirez-Alfonsin, Jorge
               and Reed, Bruce},
  title     = {Concentration},
  booktitle = {Probabilistic Methods for Algorithmic Discrete Mathematics},
  year      = {1998},
  publisher = {Springer Berlin Heidelberg},
  address   = {Berlin, Heidelberg},
  pages     = {195--248},
  isbn      = {978-3-662-12788-9},
  doi       = {10.1007/978-3-662-12788-9_6}
}

@article{CSUR:Schneider90,
  author    = {Schneider, Fred B.},
  title     = {Implementing fault-tolerant services using the state machine approach: a tutorial},
  year      = {1990},
  publisher = {Association for Computing Machinery},
  address   = {New York, NY, USA},
  volume    = {22},
  number    = {4},
  issn      = {0360-0300},
  doi       = {10.1145/98163.98167},
  journal   = {ACM Comput. Surv.},
  month     = {dec},
  pages     = {299--319},
  numpages  = {21}
}

@inproceedings{ICALP:BerGar89,
  author    = {Berman, Piotr
               and Garay, Juan A.},
  editor    = {Ausiello, Giorgio
               and Dezani-Ciancaglini, Mariangiola
               and Della Rocca, Simonetta Ronchi},
  title     = {Asymptotically optimal distributed consensus},
  booktitle = {Automata, Languages and Programming},
  year      = {1989},
  publisher = {Springer Berlin Heidelberg},
  address   = {Berlin, Heidelberg},
  pages     = {80--94},
  isbn      = {978-3-540-46201-9}
}

@article{JACM:DwoLynSto88,
  author     = {Dwork, Cynthia and Lynch, Nancy and Stockmeyer, Larry},
  title      = {Consensus in the presence of partial synchrony},
  year       = {1988},
  issue_date = {April 1988},
  publisher  = {Association for Computing Machinery},
  address    = {New York, NY, USA},
  volume     = {35},
  number     = {2},
  issn       = {0004-5411},
  doi        = {10.1145/42282.42283},
  journal    = {J. ACM},
  month      = {apr},
  pages      = {288-323},
  numpages   = {36}
}

@article{JACM:SriTou87,
  author     = {Srikanth, T. K. and Toueg, Sam},
  title      = {Optimal Clock Synchronization},
  year       = {1987},
  issue_date = {July 1987},
  publisher  = {Association for Computing Machinery},
  address    = {New York, NY, USA},
  volume     = {34},
  number     = {3},
  issn       = {0004-5411},
  doi        = {10.1145/28869.28876},
  journal    = {J. ACM},
  month      = {jul},
  pages      = {626--645},
  numpages   = {20}
}

@article{JCSS:DHS86,
  author     = {Dolev, Danny and Halpern, Joseph Y and Strong, Raymond H},
  title      = {On the Possibility and Impossibility of Achieving Clock Synchronization},
  year       = {1986},
  issue_date = {April 1986},
  publisher  = {Academic Press, Inc.},
  address    = {USA},
  volume     = {32},
  number     = {2},
  issn       = {0022-0000},
  journal    = {J. Comput. Syst. Sci.},
  month      = {apr},
  pages      = {230--250},
  numpages   = {21}
}

@article{JACM:DLPSW86,
  author  = {Danny Dolev and
             Nancy A. Lynch and
             Shlomit S. Pinter and
             Eugene W. Stark and
             William E. Weihl},
  title   = {Reaching approximate agreement in the presence of faults},
  journal = {J. {ACM}},
  volume  = {33},
  number  = {3},
  pages   = {499--516},
  year    = {1986},
  doi     = {10.1145/5925.5931}
}

@article{JoComp:HalMegMun85,
  title   = {Optimal precision in the presence of uncertainty},
  journal = {Journal of Complexity},
  volume  = {1},
  number  = {2},
  pages   = {170-196},
  year    = {1985},
  issn    = {0885-064X},
  doi     = {10.1016/0885-064X(85)90010-X},
  author  = {Joseph Y Halpern and Nimrod Megiddo and Ashfaq A Munshi}
}

@article{JACM:FisLynPat85,
  author  = {Michael J. Fischer and
             Nancy A. Lynch and
             Mike Paterson},
  title   = {Impossibility of Distributed Consensus with One Faulty Process},
  journal = {J. {ACM}},
  volume  = {32},
  number  = {2},
  pages   = {374--382},
  year    = {1985},
  doi     = {10.1145/3149.214121}
}

@article{JACM:LamMel85,
  author     = {Lamport, Leslie and Melliar-Smith, P. M.},
  title      = {Synchronizing Clocks in the Presence of Faults},
  year       = {1985},
  issue_date = {Jan. 1985},
  publisher  = {Association for Computing Machinery},
  address    = {New York, NY, USA},
  volume     = {32},
  number     = {1},
  issn       = {0004-5411},
  doi        = {10.1145/2455.2457},
  journal    = {J. ACM},
  month      = {jan},
  pages      = {52-78},
  numpages   = {27}
}

@article{InfCon:LunLyn84,
  title   = {An upper and lower bound for clock synchronization},
  journal = {Information and Control},
  volume  = {62},
  number  = {2},
  pages   = {190-204},
  year    = {1984},
  issn    = {0019-9958},
  doi     = {10.1016/S0019-9958(84)80033-9},
  author  = {Jennifer Lundelius and Nancy Lynch}
}

@article{TOPLAS:LamShoPea82,
  author     = {Lamport, Leslie and Shostak, Robert and Pease, Marshall},
  title      = {The Byzantine Generals Problem},
  year       = {1982},
  issue_date = {July 1982},
  publisher  = {Association for Computing Machinery},
  address    = {New York, NY, USA},
  volume     = {4},
  number     = {3},
  issn       = {0164-0925},
  doi        = {10.1145/357172.357176},
  journal    = {ACM Trans. Program. Lang. Syst.},
  month      = {Jul},
  pages      = {382--401},
  numpages   = {20}
}

@article{JoA:Dolev82,
  title   = {The Byzantine generals strike again},
  journal = {Journal of Algorithms},
  volume  = {3},
  number  = {1},
  pages   = {14-30},
  year    = {1982},
  issn    = {0196-6774},
  doi     = {10.1016/0196-6774(82)90004-9},
  author  = {Danny Dolev}
}

@article{JACM:PeaShoLam80,
  author     = {Marshall C. Pease and Robert E. Shostak and Leslie Lamport},
  title      = {Reaching Agreement in the Presence of Faults},
  year       = {1980},
  issue_date = {April 1980},
  publisher  = {Association for Computing Machinery},
  address    = {New York, NY, USA},
  volume     = {27},
  number     = {2},
  issn       = {0004-5411},
  doi        = {10.1145/322186.322188},
  journal    = {J. ACM},
  month      = {apr},
  pages      = {228--234},
  numpages   = {7}
}
